
@article{ozgur2021review,
  title={A review of planning and scheduling methods for hot rolling mills in steel production},
  author={{\"O}zg{\"u}r, Atilla and Uygun, Yilmaz and H{\"u}tt, Marc-Thorsten},
  journal={Computers \& Industrial Engineering},
  volume={151},
  pages={106606},
  year={2021},
  publisher={Elsevier}
}