@article{swales2014create,
  title={Create a research space (CARS) model of research introductions},
  author={Swales, John},
  journal={Writing about writing: A college reader},
  pages={12--15},
  year={2014}
}
